[gd_resource type="Theme" load_steps=32 format=3 uid="uid://cxh35qlidc8ca"]

[sub_resource type="StyleBoxFlat" id="StyleBoxFlat_oatqo"]
bg_color = Color(0, 0.227451, 0.32549, 1)
border_width_bottom = 3
border_color = Color(0, 0.254902, 0.454902, 1)
border_blend = true
corner_radius_top_left = 2
corner_radius_top_right = 2
corner_radius_bottom_right = 2
corner_radius_bottom_left = 2
shadow_color = Color(0, 0, 0, 0.105882)
shadow_size = 2

[sub_resource type="StyleBoxFlat" id="StyleBoxFlat_2u6pj"]
bg_color = Color(0, 0.701961, 1, 1)
border_width_bottom = 5
border_color = Color(0, 0.254902, 0.454902, 1)
border_blend = true
corner_radius_top_left = 2
corner_radius_top_right = 2
corner_radius_bottom_right = 2
corner_radius_bottom_left = 2
shadow_color = Color(0, 0, 0, 0.105882)
shadow_size = 2

[sub_resource type="StyleBoxFlat" id="StyleBoxFlat_a4h3g"]
bg_color = Color(0, 0.596078, 0.847059, 1)
border_width_bottom = 3
border_color = Color(0, 0.254902, 0.454902, 1)
border_blend = true
corner_radius_top_left = 2
corner_radius_top_right = 2
corner_radius_bottom_right = 2
corner_radius_bottom_left = 2
shadow_color = Color(0, 0, 0, 0.105882)
shadow_size = 2

[sub_resource type="StyleBoxFlat" id="StyleBoxFlat_7kqk4"]
bg_color = Color(0, 0.435294, 0.619608, 1)
border_width_bottom = 3
border_color = Color(0, 0.254902, 0.454902, 1)
border_blend = true
corner_radius_top_left = 2
corner_radius_top_right = 2
corner_radius_bottom_right = 2
corner_radius_bottom_left = 2
shadow_color = Color(0, 0, 0, 0.105882)
shadow_size = 2

[sub_resource type="StyleBoxFlat" id="StyleBoxFlat_oswov"]
bg_color = Color(0, 0.435294, 0.619608, 1)
border_width_bottom = 2
border_color = Color(0, 0.254902, 0.454902, 1)
border_blend = true
corner_radius_top_left = 2
corner_radius_top_right = 2
corner_radius_bottom_right = 2
corner_radius_bottom_left = 2
shadow_color = Color(0, 0, 0, 0.105882)
shadow_size = 2

[sub_resource type="StyleBoxFlat" id="StyleBoxFlat_6t17x"]
bg_color = Color(0, 0, 0, 1)
border_width_left = 5
border_width_top = 5
border_width_right = 5
border_width_bottom = 5
border_color = Color(0, 0.396078, 0.560784, 1)
corner_radius_top_left = 5
corner_radius_top_right = 5
corner_radius_bottom_right = 5
corner_radius_bottom_left = 5
shadow_color = Color(0, 0, 0, 1)

[sub_resource type="StyleBoxFlat" id="StyleBoxFlat_y5qse"]
draw_center = false
border_width_left = 2
border_width_top = 2
border_width_right = 2
border_width_bottom = 2
border_color = Color(0, 0.164063, 0.238281, 1)
corner_radius_top_left = 1
corner_radius_top_right = 1
corner_radius_bottom_right = 1
corner_radius_bottom_left = 1

[sub_resource type="StyleBoxFlat" id="StyleBoxFlat_8n6i3"]
draw_center = false
border_width_left = 2
border_width_top = 2
border_width_right = 2
border_width_bottom = 2
border_color = Color(0, 0.164063, 0.238281, 1)
corner_radius_top_left = 1
corner_radius_top_right = 1
corner_radius_bottom_right = 1
corner_radius_bottom_left = 1

[sub_resource type="StyleBoxFlat" id="StyleBoxFlat_eqj0r"]
bg_color = Color(0, 0.433594, 0.617188, 1)
corner_radius_top_left = 10
corner_radius_top_right = 10
corner_radius_bottom_right = 10
corner_radius_bottom_left = 10
expand_margin_left = 2.0
expand_margin_right = 2.0

[sub_resource type="StyleBoxFlat" id="StyleBoxFlat_3gvh4"]
bg_color = Color(0, 0.588235, 0.839216, 1)
corner_radius_top_left = 10
corner_radius_top_right = 10
corner_radius_bottom_right = 10
corner_radius_bottom_left = 10
expand_margin_left = 2.0
expand_margin_right = 2.0

[sub_resource type="StyleBoxFlat" id="StyleBoxFlat_kr2pv"]
bg_color = Color(1, 1, 1, 1)
draw_center = false
border_width_left = 4
border_width_top = 4
border_width_right = 4
border_width_bottom = 4
border_color = Color(0.6, 0.411765, 0.160784, 1)
corner_radius_top_left = 2
corner_radius_top_right = 2
corner_radius_bottom_right = 2
corner_radius_bottom_left = 2

[sub_resource type="StyleBoxFlat" id="StyleBoxFlat_ts6pm"]
bg_color = Color(0, 0, 0, 1)
draw_center = false
border_width_left = 5
border_width_top = 5
border_width_right = 5
border_width_bottom = 5
border_color = Color(0, 0.396078, 0.560784, 1)
corner_radius_top_left = 5
corner_radius_top_right = 5
corner_radius_bottom_right = 5
corner_radius_bottom_left = 5
shadow_color = Color(0, 0, 0, 1)

[sub_resource type="StyleBoxFlat" id="StyleBoxFlat_435m4"]
bg_color = Color(0, 0.231373, 0.337255, 1)
border_color = Color(0, 0.164063, 0.238281, 1)

[sub_resource type="StyleBoxFlat" id="StyleBoxFlat_nh6fq"]
bg_color = Color(0, 0.596078, 0.847059, 1)
corner_radius_top_left = 2
corner_radius_top_right = 2
corner_radius_bottom_right = 2
corner_radius_bottom_left = 2

[sub_resource type="StyleBoxFlat" id="StyleBoxFlat_xsq4y"]
bg_color = Color(0, 0.164063, 0.238281, 1)
border_width_left = 4
border_width_top = 2
border_width_right = 4
border_width_bottom = 4
border_color = Color(0, 0.121569, 0.176471, 1)
border_blend = true
corner_detail = 12

[sub_resource type="StyleBoxFlat" id="StyleBoxFlat_o7mqr"]
bg_color = Color(0.266667, 0.0627451, 0.0666667, 1)
border_width_bottom = 3
border_color = Color(0.14902, 0.0352941, 0.0352941, 1)
border_blend = true
corner_radius_top_left = 2
corner_radius_top_right = 2
corner_radius_bottom_right = 2
corner_radius_bottom_left = 2
shadow_color = Color(0, 0, 0, 0.105882)
shadow_size = 2

[sub_resource type="StyleBoxFlat" id="StyleBoxFlat_long7"]
bg_color = Color(1, 0.235294, 0.254902, 1)
border_width_bottom = 3
border_color = Color(0.431373, 0.101961, 0.109804, 1)
border_blend = true
corner_radius_top_left = 2
corner_radius_top_right = 2
corner_radius_bottom_right = 2
corner_radius_bottom_left = 2
shadow_color = Color(0, 0, 0, 0.105882)
shadow_size = 2

[sub_resource type="StyleBoxFlat" id="StyleBoxFlat_1j7td"]
bg_color = Color(1, 0.235294, 0.254902, 1)
border_width_bottom = 3
border_color = Color(0.647059, 0.152941, 0.164706, 1)
border_blend = true
corner_radius_top_left = 2
corner_radius_top_right = 2
corner_radius_bottom_right = 2
corner_radius_bottom_left = 2
shadow_color = Color(0, 0, 0, 0.105882)
shadow_size = 2

[sub_resource type="StyleBoxFlat" id="StyleBoxFlat_yumx7"]
bg_color = Color(0.784314, 0.184314, 0.2, 1)
border_width_bottom = 3
border_color = Color(0.431373, 0.101961, 0.109804, 1)
border_blend = true
corner_radius_top_left = 2
corner_radius_top_right = 2
corner_radius_bottom_right = 2
corner_radius_bottom_left = 2
shadow_color = Color(0, 0, 0, 0.105882)
shadow_size = 2

[sub_resource type="StyleBoxFlat" id="StyleBoxFlat_qk167"]
bg_color = Color(0.784314, 0.184314, 0.2, 1)
border_width_bottom = 3
border_color = Color(0.431373, 0.101961, 0.109804, 1)
border_blend = true
corner_radius_top_left = 2
corner_radius_top_right = 2
corner_radius_bottom_right = 2
corner_radius_bottom_left = 2
shadow_color = Color(0, 0, 0, 0.105882)
shadow_size = 2

[sub_resource type="StyleBoxFlat" id="StyleBoxFlat_4rf2h"]
bg_color = Color(0, 0.164706, 0.239216, 1)
border_color = Color(0, 0, 0, 1)
border_blend = true

[sub_resource type="StyleBoxFlat" id="StyleBoxFlat_dnjw5"]
draw_center = false
border_width_left = 2
border_width_top = 2
border_width_right = 2
border_width_bottom = 2
border_color = Color(0, 0.164063, 0.238281, 1)
corner_radius_top_left = 1
corner_radius_top_right = 1
corner_radius_bottom_right = 1
corner_radius_bottom_left = 1

[sub_resource type="StyleBoxFlat" id="StyleBoxFlat_424lu"]
draw_center = false
border_width_left = 2
border_width_top = 2
border_width_right = 2
border_width_bottom = 2
border_color = Color(0, 0.164063, 0.238281, 1)
corner_radius_top_left = 1
corner_radius_top_right = 1
corner_radius_bottom_right = 1
corner_radius_bottom_left = 1

[sub_resource type="StyleBoxFlat" id="StyleBoxFlat_jgk0w"]
bg_color = Color(0, 0.433594, 0.617188, 1)
corner_radius_top_left = 10
corner_radius_top_right = 10
corner_radius_bottom_right = 10
corner_radius_bottom_left = 10
expand_margin_top = 2.0
expand_margin_bottom = 2.0

[sub_resource type="StyleBoxFlat" id="StyleBoxFlat_7ydv4"]
bg_color = Color(0, 0.588235, 0.839216, 1)
corner_radius_top_left = 10
corner_radius_top_right = 10
corner_radius_bottom_right = 10
corner_radius_bottom_left = 10
expand_margin_top = 2.0
expand_margin_bottom = 2.0

[sub_resource type="StyleBoxFlat" id="StyleBoxFlat_roji2"]
bg_color = Color(1, 1, 1, 1)
draw_center = false
border_width_left = 4
border_width_top = 4
border_width_right = 4
border_width_bottom = 4
border_color = Color(0.6, 0.411765, 0.160784, 1)
corner_radius_top_left = 2
corner_radius_top_right = 2
corner_radius_bottom_right = 2
corner_radius_bottom_left = 2

[sub_resource type="StyleBoxFlat" id="StyleBoxFlat_0prcs"]
bg_color = Color(0.403922, 0.341176, 0.133333, 1)
border_width_bottom = 3
border_color = Color(0.298039, 0.25098, 0.101961, 1)
border_blend = true
corner_radius_top_left = 2
corner_radius_top_right = 2
corner_radius_bottom_right = 2
corner_radius_bottom_left = 2
shadow_color = Color(0, 0, 0, 0.105882)
shadow_size = 2

[sub_resource type="StyleBoxFlat" id="StyleBoxFlat_asqag"]
bg_color = Color(1, 0.843137, 0.333333, 1)
border_width_bottom = 3
border_color = Color(0.466667, 0.392157, 0.156863, 1)
border_blend = true
corner_radius_top_left = 2
corner_radius_top_right = 2
corner_radius_bottom_right = 2
corner_radius_bottom_left = 2
shadow_color = Color(0, 0, 0, 0.105882)
shadow_size = 2

[sub_resource type="StyleBoxFlat" id="StyleBoxFlat_xgaig"]
bg_color = Color(0.788235, 0.666667, 0.262745, 1)
border_width_bottom = 3
border_color = Color(0.466667, 0.392157, 0.156863, 1)
border_blend = true
corner_radius_top_left = 2
corner_radius_top_right = 2
corner_radius_bottom_right = 2
corner_radius_bottom_left = 2
shadow_color = Color(0, 0, 0, 0.105882)
shadow_size = 2

[sub_resource type="StyleBoxFlat" id="StyleBoxFlat_kvw2o"]
bg_color = Color(0.698039, 0.588235, 0.235294, 1)
border_width_bottom = 3
border_color = Color(0.466667, 0.392157, 0.156863, 1)
border_blend = true
corner_radius_top_left = 2
corner_radius_top_right = 2
corner_radius_bottom_right = 2
corner_radius_bottom_left = 2
shadow_color = Color(0, 0, 0, 0.105882)
shadow_size = 2

[sub_resource type="StyleBoxFlat" id="StyleBoxFlat_ca5qn"]
bg_color = Color(0.784314, 0.662745, 0.262745, 1)
border_width_bottom = 3
border_color = Color(0.466667, 0.392157, 0.156863, 1)
border_blend = true
corner_radius_top_left = 2
corner_radius_top_right = 2
corner_radius_bottom_right = 2
corner_radius_bottom_left = 2
shadow_color = Color(0, 0, 0, 0.105882)
shadow_size = 2

[resource]
Button/styles/disabled = SubResource("StyleBoxFlat_oatqo")
Button/styles/focus = SubResource("StyleBoxFlat_2u6pj")
Button/styles/hover = SubResource("StyleBoxFlat_a4h3g")
Button/styles/normal = SubResource("StyleBoxFlat_7kqk4")
Button/styles/pressed = SubResource("StyleBoxFlat_oswov")
GameLogoPanel/base_type = &"Panel"
GameLogoPanel/styles/panel = SubResource("StyleBoxFlat_6t17x")
HScrollBar/styles/scroll = SubResource("StyleBoxFlat_y5qse")
HScrollBar/styles/scroll_focus = SubResource("StyleBoxFlat_8n6i3")
HSlider/styles/grabber_area = SubResource("StyleBoxFlat_eqj0r")
HSlider/styles/grabber_area_highlight = SubResource("StyleBoxFlat_3gvh4")
HSlider/styles/slider = SubResource("StyleBoxFlat_kr2pv")
MapPreviewPanel/base_type = &"Panel"
MapPreviewPanel/styles/panel = SubResource("StyleBoxFlat_ts6pm")
Panel/styles/panel = SubResource("StyleBoxFlat_435m4")
PopupMenu/styles/hover = SubResource("StyleBoxFlat_nh6fq")
PopupMenu/styles/panel = SubResource("StyleBoxFlat_xsq4y")
RedButton/base_type = &"Button"
RedButton/styles/disabled = SubResource("StyleBoxFlat_o7mqr")
RedButton/styles/focus = SubResource("StyleBoxFlat_long7")
RedButton/styles/hover = SubResource("StyleBoxFlat_1j7td")
RedButton/styles/normal = SubResource("StyleBoxFlat_yumx7")
RedButton/styles/pressed = SubResource("StyleBoxFlat_qk167")
SidePanel/base_type = &"Panel"
SidePanel/styles/panel = SubResource("StyleBoxFlat_4rf2h")
VScrollBar/styles/scroll = SubResource("StyleBoxFlat_dnjw5")
VScrollBar/styles/scroll_focus = SubResource("StyleBoxFlat_424lu")
VSlider/styles/grabber_area = SubResource("StyleBoxFlat_jgk0w")
VSlider/styles/grabber_area_highlight = SubResource("StyleBoxFlat_7ydv4")
VSlider/styles/slider = SubResource("StyleBoxFlat_roji2")
YellowButton/base_type = &"Button"
YellowButton/colors/font_outline_color = Color(0.464844, 0.390625, 0.15625, 1)
YellowButton/constants/outline_size = 2
YellowButton/styles/disabled = SubResource("StyleBoxFlat_0prcs")
YellowButton/styles/focus = SubResource("StyleBoxFlat_asqag")
YellowButton/styles/hover = SubResource("StyleBoxFlat_xgaig")
YellowButton/styles/normal = SubResource("StyleBoxFlat_kvw2o")
YellowButton/styles/pressed = SubResource("StyleBoxFlat_ca5qn")
